@BOOK{LIBRO,
    AUTHOR={Silberschatz, A},
    TITLE="Fundamentos de Diseño de Bases de Datos",
    PUBLISHER="McGraw-Hill",
    YEAR="2007",
},
@BOOK{LIBRO1,
    AUTHOR="Elmasri, Ramez A.",
    TITLE="Fundamentals of database systems",
    PUBLISHER="Pearson",
    YEAR="2011",
},
@MISC{WEB,
	AUTHOR = {Moreno, Juan G.},
	TITLE = {{Modelo Entidad-Relación Extendido}},
	PUBLISHER = {SlideShare},
	YEAR = {2013},	
	howpublished = "\url{https://es.slideshare.net/gerardomo/modelo-de-entidad-relacin-extendido}", 
	note  = "[Consultado: 2017-03-11]",
}