@BOOK{LIBRO,
    AUTHOR={Silberschatz, A},
    TITLE="Fundamentos de Diseño de Bases de Datos",
    PUBLISHER="McGraw-Hill",
    YEAR="2007",
},
@BOOK{LIBRO1,
    AUTHOR="Elmasri, Ramez A.",
    TITLE="Fundamentals of database systems",
    PUBLISHER="Pearson",
    YEAR="2011",
},
@MISC{WEB,
	AUTHOR = {MSDN},
	TITLE = {{Índices hash}},
	PUBLISHER = {Microsoft},
	YEAR = {2013},	
	howpublished = "\url{https://msdn.microsoft.com/es-es/library/dn133190(v=sql.120).aspx}", 
	note  = "[Consultado: 2017-03-31]",
}