@BOOK{LIBRO,
    AUTHOR="Abraham Silberschatz, Henry F. Korth",
    TITLE="Fundamentos de Dise√±o de Bases de Datos",
    PUBLISHER="McGraw-Hill",
    YEAR="2007",
},