@BOOK{LIBRO,
AUTHOR="Hopcroft, John E. and Motwani, Rajeev and Ullman, Jeffrey D.",
TITLE="Introducci\'on a La Teor\'ia De Aut\'omatas, Lenguajes Y Computaci\'on",
PUBLISHER="Addison-Wesley",
YEAR="2007",
},
@MISC{WEB,
	AUTHOR = {Ullman, Jeffrey D.},
	TITLE = {{Finite Automata}},
	PUBLISHER = {Stanford Computer Science Department},
	YEAR = {2010},	
	howpublished = "\url{http://infolab.stanford.edu/~ullman/ialc/spr10/slides/fa1.pdf}", 
	note  = "[Consultado: 2016-09-10]",
}